@ARTICLE{Lim2023,
       author = {{Lim}, Olivia and {Benneke}, Bj{\"o}rn and {Doyon}, Ren{\'e} and {MacDonald}, Ryan J. and {Piaulet}, Caroline and {Artigau}, {\'E}tienne and {Coulombe}, Louis-Philippe and {Radica}, Michael and {L'Heureux}, Alexandrine and {Albert}, Lo{\"\i}c and {Rackham}, Benjamin V. and {de Wit}, Julien and {Salhi}, Salma and {Roy}, Pierre-Alexis and {Flagg}, Laura and {Fournier-Tondreau}, Marylou and {Taylor}, Jake and {Cook}, Neil J. and {Lafreni{\`e}re}, David and {Cowan}, Nicolas B. and {Kaltenegger}, Lisa and {Rowe}, Jason F. and {Espinoza}, N{\'e}stor and {Dang}, Lisa and {Darveau-Bernier}, Antoine},
        title = "{Atmospheric Reconnaissance of TRAPPIST-1 b with JWST/NIRISS: Evidence for Strong Stellar Contamination in the Transmission Spectra}",
      journal = {The Astrophysical Journal Letters},
     keywords = {Extrasolar rocky planets, Exoplanets, M dwarf stars, Stellar activity, Starspots, Stellar faculae, Exoplanet atmospheres, Transmission spectroscopy, 511, 498, 982, 1580, 1572, 1601, 487, 2133, Astrophysics - Earth and Planetary Astrophysics, Astrophysics - Solar and Stellar Astrophysics},
         year = 2023,
        month = sep,
       volume = {955},
       number = {1},
          eid = {L22},
        pages = {L22},
          doi = {10.3847/2041-8213/acf7c4},
archivePrefix = {arXiv},
       eprint = {2309.07047},
 primaryClass = {astro-ph.EP},
       adsurl = {https://ui.adsabs.harvard.edu/abs/2023ApJ...955L..22L},
      adsnote = {Provided by the SAO/NASA Astrophysics Data System}
}

@Article{Rackham:2018,
  Author    = {Rackham, Benjamin V. and Apai, D{\'a}niel and Giampapa, Mark S.},
  Title     = {The Transit Light Source Effect: False Spectral Features and Incorrect Densities for M-dwarf Transiting Planets},
  Journal   = {The Astrophysical Journal},
  Volume    = {853},
  Number    = {2},
  Pages     = {122},
  Year      = {2018},
  Month     = {February},
  Keywords  = {methods: numerical, planets and satellites: atmospheres, planets and satellites: fundamental parameters, stars: activity, starspots, techniques: spectroscopic, Astrophysics - Earth and Planetary Astrophysics},
  DOI       = {10.3847/1538-4357/aaa08c},
  Eprint    = {1711.05691},
  ArchivePrefix = {arXiv},
  PrimaryClass  = {astro-ph.EP},
  URL       = {https://ui.adsabs.harvard.edu/abs/2018ApJ...853..122R},
  Note      = {Provided by the SAO/NASA Astrophysics Data System}
}

@Article{Husser:2013,
  Author    = {Husser, T.-O. and Wende-von Berg, S. and Dreizler, S. and Homeier, D. and Reiners, A. and Barman, T. and Hauschildt, P.~H.},
  Title     = {A new extensive library of PHOENIX stellar atmospheres and synthetic spectra},
  Journal   = {Astronomy \& Astrophysics},
  Volume    = {553},
  Pages     = {A6},
  Year      = {2013},
  Month     = {May},
  Keywords  = {stars: atmospheres, convection, stars: late-type, Astrophysics - Solar and Stellar Astrophysics},
  DOI       = {10.1051/0004-6361/201219058},
  Eprint    = {1303.5632},
  ArchivePrefix = {arXiv},
  PrimaryClass  = {astro-ph.SR},
  URL       = {https://ui.adsabs.harvard.edu/abs/2013A&A...553A...6H},
  Note      = {Provided by the SAO/NASA Astrophysics Data System}
}

@Article{Iyer:2023,
  Author    = {Iyer, Aishwarya R. and Line, Michael R. and Muirhead, Philip S. and Fortney, Jonathan J. and Gharib-Nezhad, Ehsan},
  Title     = {The SPHINX M-dwarf Spectral Grid. I. Benchmarking New Model Atmospheres to Derive Fundamental M-dwarf Properties},
  Journal   = {The Astrophysical Journal},
  Volume    = {944},
  Number    = {1},
  Pages     = {41},
  Year      = {2023},
  Month     = {February},
  Keywords  = {M dwarf stars, Stellar atmospheres, Planet hosting stars, Theoretical models, Fundamental parameters of stars, Astrophysics - Solar and Stellar Astrophysics, Astrophysics - Earth and Planetary Astrophysics},
  DOI       = {10.3847/1538-4357/acabc2},
  Eprint    = {2206.12010},
  ArchivePrefix = {arXiv},
  PrimaryClass  = {astro-ph.SR},
  URL       = {https://ui.adsabs.harvard.edu/abs/2023ApJ...944...41I},
  Note      = {Provided by the SAO/NASA Astrophysics Data System}
}


@Article{TRAPPIST1_JWST_2024,
  Author    = {{TRAPPIST-1 JWST Community Initiative} and de Wit, Julien and Doyon, Ren{\'e} and Rackham, Benjamin V. and Lim, Olivia and Ducrot, Elsa and Kreidberg, Laura and Benneke, Bj{\"o}rn and Ribas, Ignasi and Berardo, David and Niraula, Prajwal and Iyer, Aishwarya and Shapiro, Alexander and Kostogryz, Nadiia and Witzke, Veronika and Gillon, Micha{\"e}l and Agol, Eric and Meadows, Victoria and Burgasser, Adam J. and Owen, James E. and Fortney, Jonathan J. and Selsis, Franck and Bello-Arufe, Aaron and de Beurs, Zo{\"e} and Bolmont, Emeline and Cowan, Nicolas and Dong, Chuanfei and Drake, Jeremy J. and Garcia, Lionel and Greene, Thomas and Haworth, Thomas and Hu, Renyu and Kane, Stephen R. and Kervella, Pierre and Koll, Daniel and Krissansen-Totton, Joshua and Lagage, Pierre-Olivier and Lichtenberg, Tim and Lustig-Yaeger, Jacob and Lingam, Manasvi and Turbet, Martin and Seager, Sara and Barkaoui, Khalid and Bell, Taylor J. and Burdanov, Artem and Cadieux, Charles and Charnay, Benjamin and Cloutier, Ryan and Cook, Neil J. and Correia, Alexandre C.~M. and Dang, Lisa and Daylan, Tansu and Delrez, Laetitia and Edwards, Billy and Fauchez, Thomas J. and Flagg, Laura and Fraschetti, Federico and Haqq-Misra, Jacob and Huang, Ziyu and Iro, Nicolas and Jayawardhana, Ray and Jehin, Emmanuel and Jin, Meng and Kite, Edwin and Kitzmann, Daniel and Kral, Quentin and Lafreni{\`e}re, David and Libert, Anne-Sophie and Liu, Beibei and Mohanty, Subhanjoy and Morris, Brett M. and Murray, Catriona A. and Piaulet, Caroline and Pozuelos, Francisco J. and Radica, Michael and Ranjan, Sukrit and Rathcke, Alexander and Roy, Pierre-Alexis and Schwieterman, Edward W. and Turner, Jake D. and Triaud, Amaury and Way, Michael J.},
  Title     = {A roadmap for the atmospheric characterization of terrestrial exoplanets with JWST},
  Journal   = {Nature Astronomy},
  Volume    = {8},
  Pages     = {810--818},
  Year      = {2024},
  Month     = {July},
  Keywords  = {Astrophysics - Earth and Planetary Astrophysics, Astrophysics - Instrumentation and Methods for Astrophysics, Astrophysics - Solar and Stellar Astrophysics},
  DOI       = {10.1038/s41550-024-02298-5},
  Eprint    = {2310.15895},
  ArchivePrefix = {arXiv},
  PrimaryClass  = {astro-ph.EP},
  URL       = {https://ui.adsabs.harvard.edu/abs/2024NatAs...8..810T},
  Note      = {Provided by the SAO/NASA Astrophysics Data System}
}

@Article{Roy:2023,
  Author    = {Roy, Pierre-Alexis and Benneke, Bj{\"o}rn and Piaulet, Caroline and Gully-Santiago, Michael A. and Crossfield, Ian J.~M. and Morley, Caroline V. and Kreidberg, Laura and Mikal-Evans, Thomas and Brande, Jonathan and Delisle, Simon and Greene, Thomas P. and Hardegree-Ullman, Kevin K. and Barman, Travis and Christiansen, Jessie L. and Dragomir, Diana and Fortney, Jonathan J. and Howard, Andrew W. and Kosiarek, Molly R. and Lothringer, Joshua D.},
  Title     = {Water Absorption in the Transmission Spectrum of the Water World Candidate GJ 9827 d},
  Journal   = {The Astrophysical Journal Letters},
  Volume    = {954},
  Number    = {2},
  Pages     = {L52},
  Year      = {2023},
  Month     = {September},
  Keywords  = {Exoplanet atmospheres, Mini Neptunes, Water vapor, Exoplanet atmospheric composition, Astrophysics - Earth and Planetary Astrophysics},
  DOI       = {10.3847/2041-8213/acebf0},
  Eprint    = {2309.10845},
  ArchivePrefix = {arXiv},
  PrimaryClass  = {astro-ph.EP},
  URL       = {https://ui.adsabs.harvard.edu/abs/2023ApJ...954L..52R},
  Note      = {Provided by the SAO/NASA Astrophysics Data System}
}

@Article{PiauletGhorayeb:2024,
  Author    = {Piaulet-Ghorayeb, Caroline and Benneke, Bj{\"o}rn and Radica, Michael and Raul, Eshan and Coulombe, Louis-Philippe and Ahrer, Eva-Maria and Kubyshkina, Daria and Howard, Ward S. and Krissansen-Totton, Joshua and MacDonald, Ryan J. and Roy, Pierre-Alexis and Louca, Amy and Christie, Duncan and Fournier-Tondreau, Marylou and Allart, Romain and Miguel, Yamila and Schlichting, Hilke E. and Welbanks, Luis and Cadieux, Charles and Dorn, Caroline and Evans-Soma, Thomas M. and Fortney, Jonathan J. and Pierrehumbert, Raymond and Lafreni{\`e}re, David and Acu{\~n}a, Lorena and Komacek, Thaddeus and Innes, Hamish and Beatty, Thomas G. and Cloutier, Ryan and Doyon, Ren{\'e} and Gagnebin, Anna and Gapp, Cyril and Knutson, Heather A.},
  Title     = {JWST/NIRISS Reveals the Water-rich ``Steam World'' Atmosphere of GJ 9827 d},
  Journal   = {The Astrophysical Journal Letters},
  Volume    = {974},
  Number    = {1},
  Pages     = {L10},
  Year      = {2024},
  Month     = {October},
  Keywords  = {Exoplanet atmospheres, Exoplanet atmospheric composition, Exoplanet atmospheric evolution, Exoplanet structure, Planetary atmospheres, Exoplanet astronomy, Astrophysics - Earth and Planetary Astrophysics, Astrophysics - Solar and Stellar Astrophysics},
  DOI       = {10.3847/2041-8213/ad6f00},
  Eprint    = {2410.03527},
  ArchivePrefix = {arXiv},
  PrimaryClass  = {astro-ph.EP},
  URL       = {https://ui.adsabs.harvard.edu/abs/2024ApJ...974L..10P},
  Note      = {Provided by the SAO/NASA Astrophysics Data System}
}

@Article{Radica:2025,
  Author    = {Radica, Michael and Piaulet-Ghorayeb, Caroline and Taylor, Jake and Coulombe, Louis-Philippe and Benneke, Bj{\"o}rn and Albert, Loic and Artigau, {\'E}tienne and Cowan, Nicolas B. and Doyon, Ren{\'e} and Lafreni{\`e}re, David and L'Heureux, Alexandrine and Lim, Olivia},
  Title     = {Promise and Peril: Stellar Contamination and Strict Limits on the Atmosphere Composition of TRAPPIST-1 c from JWST NIRISS Transmission Spectra},
  Journal   = {The Astrophysical Journal Letters},
  Volume    = {979},
  Number    = {1},
  Pages     = {L5},
  Year      = {2025},
  Month     = {January},
  Keywords  = {Low mass stars, Exoplanet atmospheres, Extrasolar rocky planets, Planetary atmospheres, Exoplanets, Astrophysics - Earth and Planetary Astrophysics},
  DOI       = {10.3847/2041-8213/ada381},
  Eprint    = {2409.19333},
  ArchivePrefix = {arXiv},
  PrimaryClass  = {astro-ph.EP},
  URL       = {https://ui.adsabs.harvard.edu/abs/2025ApJ...979L...5R},
  Note      = {Provided by the SAO/NASA Astrophysics Data System}
}

@Article{Ahrer:2025,
  Author    = {Ahrer, Eva-Maria and Radica, Michael and Piaulet-Ghorayeb, Caroline and Raul, Eshan and Wiser, Lindsey S. and Welbanks, Luis and Acuna, Lorena and Allart, Romain and Coulombe, Louis-Philippe and Louca, Amy J. and MacDonald, Ryan J. and Saidel, Morgan and Evans-Soma, Thomas M. and Benneke, Bj{\"o}rn and Christie, Duncan and Beatty, Thomas G. and Cadieux, Charles and Cloutier, Ryan and Doyon, Ren{\'e} and Fortney, Jonathan J. and Gagnebin, Anna and Gapp, Cyril and Innes, Hamish and Knutson, Heather A. and Komacek, Thaddeus D. and Krissansen-Totton, Joshua E. and Miguel, Yamila and Pierrehumbert, Raymond T. and Roy, Pierre-Alexis and Schlichting, Hilke E.},
  Title     = {Escaping Helium and a Highly Muted Spectrum Suggest a Metal-Enriched Atmosphere on Sub-Neptune GJ3090b from JWST Transit Spectroscopy},
  Journal   = {arXiv e-prints},
  Year      = {2025},
  Month     = {April},
  Pages     = {arXiv:2504.20428},
  DOI       = {10.48550/arXiv.2504.20428},
  Eprint    = {2504.20428},
  ArchivePrefix = {arXiv},
  PrimaryClass  = {astro-ph.EP},
  URL       = {https://ui.adsabs.harvard.edu/abs/2025arXiv250420428A},
  Note      = {Provided by the SAO/NASA Astrophysics Data System}
}


@Article{Hunter:2007,
    Author    = {Hunter, J. D.},
    Title     = {Matplotlib: A 2D graphics environment},
    Journal   = {Computing in Science \& Engineering},
    Volume    = {9},
    Number    = {3},
    Pages     = {90--95},
    abstract  = {Matplotlib is a 2D graphics package used for Python for application development, interactive scripting, and publication-quality image generation across user interfaces and operating systems.},
    publisher = {IEEE COMPUTER SOC},
    doi       = {10.1109/MCSE.2007.55},
    year      = 2007
}

@Article{harris2020array,
    title     = {Array programming with {NumPy}},
    author    = {Charles R. Harris and K. Jarrod Millman and St{\'{e}}fan J. van der Walt and Ralf Gommers and Pauli Virtanen and David Cournapeau and Eric Wieser and Julian Taylor and Sebastian Berg and Nathaniel J. Smith and Robert Kern and Matti Picus and Stephan Hoyer and Marten H. van Kerkwijk and Matthew Brett and Allan Haldane and Jaime Fern{\'{a}}ndez del R{\'{i}}o and Mark Wiebe and Pearu Peterson and Pierre G{\'{e}}rard-Marchant and Kevin Sheppard and Tyler Reddy and Warren Weckesser and Hameer Abbasi and Christoph Gohlke and Travis E. Oliphant},
    year      = {2020},
    month     = sep,
    journal   = {Nature},
    volume    = {585},
    number    = {7825},
    pages     = {357--362},
    doi       = {10.1038/s41586-020-2649-2},
    publisher = {Springer Science and Business Media {LLC}},
    url       = {https://doi.org/10.1038/s41586-020-2649-2}
}

@article{astropy:2013,
    Adsnote = {Provided by the SAO/NASA Astrophysics Data System},
    Adsurl = {http://adsabs.harvard.edu/abs/2013A%26A...558A..33A},
    Archiveprefix = {arXiv},
    Author = {{Astropy Collaboration} and {Robitaille}, T.~P. and {Tollerud}, E.~J. and {Greenfield}, P. and {Droettboom}, M. and {Bray}, E. and {Aldcroft}, T. and {Davis}, M. and {Ginsburg}, A. and {Price-Whelan}, A.~M. and {Kerzendorf}, W.~E. and {Conley}, A. and {Crighton}, N. and {Barbary}, K. and {Muna}, D. and {Ferguson}, H. and {Grollier}, F. and {Parikh}, M.~M. and {Nair}, P.~H. and {Unther}, H.~M. and {Deil}, C. and {Woillez}, J. and {Conseil}, S. and {Kramer}, R. and {Turner}, J.~E.~H. and {Singer}, L. and {Fox}, R. and {Weaver}, B.~A. and {Zabalza}, V. and {Edwards}, Z.~I. and {Azalee Bostroem}, K. and {Burke}, D.~J. and {Casey}, A.~R. and {Crawford}, S.~M. and {Dencheva}, N. and {Ely}, J. and {Jenness}, T. and {Labrie}, K. and {Lim}, P.~L. and {Pierfederici}, F. and {Pontzen}, A. and {Ptak}, A. and {Refsdal}, B. and {Servillat}, M. and {Streicher}, O.},
    Doi = {10.1051/0004-6361/201322068},
    Eid = {A33},
    Eprint = {1307.6212},
    Journal = {Astronomy \& Astrophysics},
    Keywords = {methods: data analysis, methods: miscellaneous, virtual observatory tools},
    Month = oct,
    Pages = {A33},
    Title = {{Astropy: A community Python package for astronomy}},
    Volume = 558,
    Year = 2013,
    Bdsk-Url-1 = {https://dx.doi.org/10.1051/0004-6361/201322068}
}

@ARTICLE{astropy:2018,
    author = {{Astropy Collaboration} and {Price-Whelan}, A.~M. and {Sip{\H{o}}cz}, B.~M. and {G{\"u}nther}, H.~M. and {Lim}, P.~L. and {Crawford}, S.~M. and {Conseil}, S. and {Shupe}, D.~L. and {Craig}, M.~W. and {Dencheva}, N. and {Ginsburg}, A. and {VanderPlas}, J.~T. and {Bradley}, L.~D. and {P{\'e}rez-Su{\'a}rez}, D. and {de Val-Borro}, M. and {Aldcroft}, T.~L. and {Cruz}, K.~L. and {Robitaille}, T.~P. and {Tollerud}, E.~J. and {Ardelean}, C. and {Babej}, T. and {Bach}, Y.~P. and {Bachetti}, M. and {Bakanov}, A.~V. and {Bamford}, S.~P. and {Barentsen}, G. and {Barmby}, P. and {Baumbach}, A. and {Berry}, K.~L. and {Biscani}, F. and {Boquien}, M. and {Bostroem}, K.~A. and {Bouma}, L.~G. and {Brammer}, G.~B. and {Bray}, E.~M. and {Breytenbach}, H. and {Buddelmeijer}, H. and {Burke}, D.~J. and {Calderone}, G. and {Cano Rodr{\'\i}guez}, J.~L. and {Cara}, M. and {Cardoso}, J.~V.~M. and {Cheedella}, S. and {Copin}, Y. and {Corrales}, L. and {Crichton}, D. and {D'Avella}, D. and {Deil}, C. and {Depagne}, {\'E}. and {Dietrich}, J.~P. and {Donath}, A. and {Droettboom}, M. and {Earl}, N. and {Erben}, T. and {Fabbro}, S. and {Ferreira}, L.~A. and {Finethy}, T. and {Fox}, R.~T. and {Garrison}, L.~H. and {Gibbons}, S.~L.~J. and {Goldstein}, D.~A. and {Gommers}, R. and {Greco}, J.~P. and {Greenfield}, P. and {Groener}, A.~M. and {Grollier}, F. and {Hagen}, A. and {Hirst}, P. and {Homeier}, D. and {Horton}, A.~J. and {Hosseinzadeh}, G. and {Hu}, L. and {Hunkeler}, J.~S. and {Ivezi{\'c}}, {\v{Z}}. and {Jain}, A. and {Jenness}, T. and {Kanarek}, G. and {Kendrew}, S. and {Kern}, N.~S. and {Kerzendorf}, W.~E. and {Khvalko}, A. and {King}, J. and {Kirkby}, D. and {Kulkarni}, A.~M. and {Kumar}, A. and {Lee}, A. and {Lenz}, D. and {Littlefair}, S.~P. and {Ma}, Z. and {Macleod}, D.~M. and {Mastropietro}, M. and {McCully}, C. and {Montagnac}, S. and {Morris}, B.~M. and {Mueller}, M. and {Mumford}, S.~J. and {Muna}, D. and {Murphy}, N.~A. and {Nelson}, S. and {Nguyen}, G.~H. and {Ninan}, J.~P. and {N{\"o}the}, M. and {Ogaz}, S. and {Oh}, S. and {Parejko}, J.~K. and {Parley}, N. and {Pascual}, S. and {Patil}, R. and {Patil}, A.~A. and {Plunkett}, A.~L. and {Prochaska}, J.~X. and {Rastogi}, T. and {Reddy Janga}, V. and {Sabater}, J. and {Sakurikar}, P. and {Seifert}, M. and {Sherbert}, L.~E. and {Sherwood-Taylor}, H. and {Shih}, A.~Y. and {Sick}, J. and {Silbiger}, M.~T. and {Singanamalla}, S. and {Singer}, L.~P. and {Sladen}, P.~H. and {Sooley}, K.~A. and {Sornarajah}, S. and {Streicher}, O. and {Teuben}, P. and {Thomas}, S.~W. and {Tremblay}, G.~R. and {Turner}, J.~E.~H. and {Terr{\'o}n}, V. and {van Kerkwijk}, M.~H. and {de la Vega}, A. and {Watkins}, L.~L. and {Weaver}, B.~A. and {Whitmore}, J.~B. and {Woillez}, J. and {Zabalza}, V. and {Astropy Contributors}},
    title = "{The Astropy Project: Building an Open-science Project and Status of the v2.0 Core Package}",
    journal = {The Astronomical Journal},
    keywords = {methods: data analysis, methods: miscellaneous, methods: statistical, reference systems, Astrophysics - Instrumentation and Methods for Astrophysics},
    year = 2018,
    month = sep,
    volume = {156},
    number = {3},
    eid = {123},
    pages = {123},
    doi = {10.3847/1538-3881/aabc4f},
    adsurl = {https://ui.adsabs.harvard.edu/abs/2018AJ....156..123A},
    adsnote = {Provided by the SAO/NASA Astrophysics Data System}
}

@ARTICLE{2020SciPy-NMeth,
    author  = {Virtanen, Pauli and Gommers, Ralf and Oliphant, Travis E. and Haberland, Matt and Reddy, Tyler and Cournapeau, David and Burovski, Evgeni and Peterson, Pearu and Weckesser, Warren and Bright, Jonathan and {van der Walt}, St{\'e}fan J. and Brett, Matthew and Wilson, Joshua and Millman, K. Jarrod and Mayorov, Nikolay and Nelson, Andrew R. J. and Jones, Eric and Kern, Robert and Larson, Eric and Carey, C J and Polat, {\.I}lhan and Feng, Yu and Moore, Eric W. and {VanderPlas}, Jake and Laxalde, Denis and Perktold, Josef and Cimrman, Robert and Henriksen, Ian and Quintero, E. A. and Harris, Charles R. and Archibald, Anne M. and Ribeiro, Ant{\^o}nio H. and Pedregosa, Fabian and {van Mulbregt}, Paul and {SciPy 1.0 Contributors}},
    title   = {{{SciPy} 1.0: Fundamental Algorithms for Scientific
            Computing in Python}},
    journal = {Nature Methods},
    year    = {2020},
    volume  = {17},
    pages   = {261--272},
    adsurl  = {https://rdcu.be/b08Wh},
    doi     = {10.1038/s41592-019-0686-2},
}


@Article{pandas:2020,
  Author    = {The pandas development team},
  Title     = {pandas-dev/pandas: Pandas},
  Journal   = {Zenodo},
  Year      = {2020},
  Month     = {February},
  Version   = {latest},
  Publisher = {Zenodo},
  DOI       = {10.5281/zenodo.3509134},
  URL       = {https://doi.org/10.5281/zenodo.3509134}
}

@Article{ForemanMackey:2013,
  Author    = {Foreman-Mackey, Daniel and Hogg, David W. and Lang, Dustin and Goodman, Jonathan},
  Title     = {emcee: The MCMC Hammer},
  Journal   = {Publications of the Astronomical Society of the Pacific},
  Volume    = {125},
  Number    = {925},
  Pages     = {306},
  Year      = {2013},
  Month     = {March},
  Keywords  = {Astrophysics - Instrumentation and Methods for Astrophysics, Physics - Computational Physics, Statistics - Computation},
  DOI       = {10.1086/670067},
  Eprint    = {1202.3665},
  ArchivePrefix = {arXiv},
  PrimaryClass  = {astro-ph.IM},
  URL       = {https://ui.adsabs.harvard.edu/abs/2013PASP..125..306F},
  Note      = {Provided by the SAO/NASA Astrophysics Data System}
}

@Article{corner,
  doi = {10.21105/joss.00024},
  url = {https://doi.org/10.21105/joss.00024},
  year  = {2016},
  month = {jun},
  publisher = {The Open Journal},
  volume = {1},
  number = {2},
  pages = {24},
  author = {Daniel Foreman-Mackey},
  title = {corner.py: Scatterplot matrices in Python},
  journal = {The Journal of Open Source Software}
}

@Article{Townsend:2023,
  Author    = {Townsend, Rich and Lopez, Aaron},
  Title     = {MSG: A software package for interpolating stellar spectra in pre-calculated grids},
  Journal   = {The Journal of Open Source Software},
  Volume    = {8},
  Number    = {81},
  Pages     = {4602},
  Year      = {2023},
  Month     = {January},
  Keywords  = {C, grids, Python, spectra, Fortran, stars, astronomy, interpolation, Astrophysics - Instrumentation and Methods for Astrophysics, Astrophysics - Solar and Stellar Astrophysics},
  DOI       = {10.21105/joss.04602},
  Eprint    = {2301.12533},
  ArchivePrefix = {arXiv},
  PrimaryClass  = {astro-ph.IM},
  URL       = {https://ui.adsabs.harvard.edu/abs/2023JOSS....8.4602T},
  Note      = {Provided by the SAO/NASA Astrophysics Data System}
}

@Article{poseidon,
       author = {MacDonald, Ryan J. and Madhusudhan, Nikku},
        title = {POSEIDON: Multidimensional atmospheric retrieval of exoplanet spectra},
 howpublished = {Astrophysics Source Code Library, record ascl:2412.028},
         year = {2024},
        month = {December},
          DOI = {10.21105/joss.04873},
          eid = {ascl:2412.028},
       adsurl = {https://ui.adsabs.harvard.edu/abs/2024ascl.soft12028M},
      adsnote = {Provided by the SAO/NASA Astrophysics Data System}
}

@ARTICLE{bell_eureka_2022,
    author = {{Bell}, Taylor and {Ahrer}, Eva-Maria and {Brande}, Jonathan and {Carter}, Aarynn and {Feinstein}, Adina D. and {Caloca}, Giannina and {Mansfield}, Megan and {Zieba}, Sebastian and {Piaulet}, Caroline and {Benneke}, Bj{\"o}rn and {Filippazzo}, Joseph and {May}, Erin and {Roy}, Pierre-Alexis and {Kreidberg}, Laura and {Stevenson}, Kevin},
    title = "{Eureka!: An End-to-End Pipeline for JWST Time-Series Observations}",
    journal = {Journal of Open Source Software},
    keywords = {Cython, astronomy, exoplanets, JWST, Python, spectroscopy, HST, photometry, Astrophysics - Instrumentation and Methods for Astrophysics, Astrophysics - Earth and Planetary Astrophysics},
    year = 2022,
    month = nov,
    volume = {7},
    number = {79},
    eid = {4503},
    pages = {4503},
    doi = {10.21105/joss.04503},
    adsurl = {https://ui.adsabs.harvard.edu/abs/2022JOSS....7.4503B},
    adsnote = {Provided by the SAO/NASA Astrophysics Data System}
}

@misc{pysynphot,
author = {Keith Horne},
title = {pysynphot: Synthetic photometry software},
year = {2013},
publisher = {Astrophysics Source Code Library},
howpublished = {\url{https://ascl.net/1303.023}},
note = {ascl:1303.023} }